

@online{basicguide,
	title = {{OpenOffice}.org {BASIC} Guide - {BasicGuide}\_OOo3.2.0.pdf},
	url = {https://wiki.openoffice.org/w/images/c/c1/BasicGuide_OOo3.2.0.pdf},
	urldate = {2015-01-04},
	file = {OpenOffice.org BASIC Guide - BasicGuide_OOo3.2.0.pdf:/home/urist/.zotero/zotero/qopjtdy6.default/zotero/storage/DXBRZWXI/BasicGuide_OOo3.2.0.html:text/html}
}

@inreference{yagn,
	title = {You aren't gonna need it},
	rights = {Creative Commons Attribution-{ShareAlike} License},
	url = {http://en.wikipedia.org/w/index.php?title=You_aren%27t_gonna_need_it&oldid=637092046},
	abstract = {"You aren't gonna need it"[1][2] (acronym: {YAGNI})[3] is a principle of extreme programming ({XP}) that states a programmer should not add functionality until deemed necessary.[4] {XP} co-founder Ron Jeffries has written: "Always implement things when you actually need them, never when you just foresee that you need them."[5] Other forms of the phrase include "You aren't going to need it"[6][7] and "You ain't gonna need it".[citation needed]},
	booktitle = {Wikipedia, the free encyclopedia},
	urldate = {2015-01-04},
	date = {2014-12-22},
	langid = {english},
	note = {Page Version {ID}: 637092046},
	file = {Snapshot:/home/urist/.zotero/zotero/qopjtdy6.default/zotero/storage/WT5FSG82/index.html:text/html}
}

@online{minted,
	title = {minted - Highlighted source code for {LaTeX} - Google Project Hosting},
	url = {http://code.google.com/p/minted/},
	urldate = {2015-01-04},
	file = {minted - Highlighted source code for LaTeX - Google Project Hosting:/home/urist/.zotero/zotero/qopjtdy6.default/zotero/storage/XX5WWZC6/minted.html:text/html}
}

@online{Pygments,
	title = {Supported languages — Pygments},
	url = {http://pygments.org/languages/},
	urldate = {2015-01-04},
	file = {Supported languages — Pygments:/home/urist/.zotero/zotero/qopjtdy6.default/zotero/storage/KCSTT8ZE/languages.html:text/html}
}

@online{vimnox,
	title = {Debian -- Package Search Results -- vim-nox},
	url = {https://packages.debian.org/search?keywords=vim-nox},
	urldate = {2015-01-04},
	file = {Debian -- Package Search Results -- vim-nox:/home/urist/.zotero/zotero/qopjtdy6.default/zotero/storage/AT5GD5KW/search.html:text/html}
}

@online{latex,
	title = {{LaTeX} - Wikipedia, the free encyclopedia},
	url = {http://en.wikipedia.org/wiki/LaTeX},
	urldate = {2015-01-04},
	file = {LaTeX - Wikipedia, the free encyclopedia:/home/urist/.zotero/zotero/qopjtdy6.default/zotero/storage/G9C4GB8S/LaTeX.html:text/html}
}

@online{bibtex,
	title = {{BibTeX} - Wikipedia, the free encyclopedia},
	url = {http://en.wikipedia.org/wiki/BibTeX},
	urldate = {2015-01-04},
	file = {BibTeX - Wikipedia, the free encyclopedia:/home/urist/.zotero/zotero/qopjtdy6.default/zotero/storage/IBZC68DT/BibTeX.html:text/html}
}

@online{biblatex,
	title = {{CTAN}: Package biblatex},
	url = {http://www.ctan.org/pkg/biblatex},
	urldate = {2015-01-04},
	file = {CTAN\: Package biblatex:/home/urist/.zotero/zotero/qopjtdy6.default/zotero/storage/893V8VX2/biblatex.html:text/html}
}

@online{debian,
	title = {Debian -- Debian “wheezy” Release Information},
	url = {https://www.debian.org/releases/stable/},
	urldate = {2015-01-04},
	file = {Debian -- Debian “wheezy” Release Information:/home/urist/.zotero/zotero/qopjtdy6.default/zotero/storage/3AQK9TMV/stable.html:text/html}
}

@online{zotero,
	title = {Zotero {\textbar} Home},
	url = {https://www.zotero.org/},
	urldate = {2015-01-04},
	file = {Zotero | Home:/home/urist/.zotero/zotero/qopjtdy6.default/zotero/storage/P57FTIJ7/www.zotero.org.html:text/html}
}

@online{awk,
	title = {{AWK} - Wikipedia, the free encyclopedia},
	url = {http://en.wikipedia.org/wiki/AWK},
	urldate = {2015-01-04},
	file = {AWK - Wikipedia, the free encyclopedia:/home/urist/.zotero/zotero/qopjtdy6.default/zotero/storage/9ADG9GHS/AWK.html:text/html}
}
@online{libreoffice,
	title = {{LibreOffice} - Wikipedia, the free encyclopedia},
	url = {http://en.wikipedia.org/wiki/LibreOffice},
	urldate = {2015-01-04},
	file = {LibreOffice - Wikipedia, the free encyclopedia:/home/urist/.zotero/zotero/qopjtdy6.default/zotero/storage/XKMBTHV5/LibreOffice.html:text/html}
}
@inreference{wheel,
	title = {Reinventing the wheel},
	rights = {Creative Commons Attribution-{ShareAlike} License},
	url = {http://en.wikipedia.org/w/index.php?title=Reinventing_the_wheel&oldid=632143325},
	abstract = {To reinvent the wheel is to duplicate a basic method that has already previously been created or optimized by others.},
	booktitle = {Wikipedia, the free encyclopedia},
	urldate = {2015-01-04},
	date = {2014-12-20},
	langid = {english},
	note = {Page Version {ID}: 632143325},
	file = {Snapshot:/home/urist/.zotero/zotero/qopjtdy6.default/zotero/storage/77K5H3H5/index.html:text/html}
}

@online{manhsqldb,
	title = {{HyperSQL} User Guide - {HyperSQL} Database Engine ({HSQLDB}) 2.3 - guide.pdf},
	url = {http://hsqldb.org/doc/guide/guide.pdf},
	urldate = {2015-01-04},
	file = {HyperSQL User Guide - HyperSQL Database Engine (HSQLDB) 2.3 - guide.pdf:/home/urist/.zotero/zotero/qopjtdy6.default/zotero/storage/ZUR7HS79/guide.html:text/html}
}

